<record><leader>00000cas a22000007a 4500</leader><controlfield tag="001">15807437</controlfield><controlfield tag="008">870604d19221931njuwr ne      0    0eng d</controlfield><datafield ind1=" " ind2=" " tag="010"><subfield code="a">sn 87068204 </subfield></datafield><datafield ind1=" " ind2=" " tag="040"><subfield code="a">NJW</subfield><subfield code="b">eng</subfield><subfield code="c">NJW</subfield><subfield code="d">OCLCQ</subfield></datafield><datafield ind1=" " ind2=" " tag="042"><subfield code="a">msc</subfield></datafield><datafield ind1="0" ind2=" " tag="130"><subfield code="a">Mosquito (Perth Amboy, N.J. : 1922)</subfield></datafield><datafield ind1="1" ind2="4" tag="245"><subfield code="a">The mosquito.</subfield></datafield><datafield ind1=" " ind2=" " tag="260"><subfield code="a">Perth Amboy, N.J. :</subfield><subfield code="b">[s.n.]</subfield></datafield><datafield ind1=" " ind2=" " tag="310"><subfield code="a">Weekly</subfield></datafield><datafield ind1="1" ind2=" " tag="362"><subfield code="a">Began with July 29, 1922 issue; ceased in 1931?</subfield></datafield><datafield ind1=" " ind2=" " tag="588"><subfield code="a">Description based on: Vol. 1, no. 2 (Aug. 5, 1922).</subfield></datafield><datafield ind1=" " ind2=" " tag="752"><subfield code="a">United States</subfield><subfield code="b">New Jersey</subfield><subfield code="c">Middlesex</subfield><subfield code="d">Perth Amboy.</subfield></datafield><datafield ind1="0" ind2="0" tag="780"><subfield code="t">Jersey mosquito</subfield><subfield code="w">(DLC)sn 85035895</subfield><subfield code="w">(OCoLC)13786537</subfield></datafield></record>